@misc{ wiki:modularity,
   author = "Wikipedia",
   title = "Modularity (networks) --- Wikipedia{,} The Free Encyclopedia",
   year = "2016",
   url = "\url{https://en.wikipedia.org/w/index.php?title=Modularity_(networks)&oldid=751888052}",
   note = "[Online; accessed 9-February-2017]"
 }

@misc{ website:paraview_vs_volview,
  title = {{ParaView vs VolView}},
  howpublished = "\url{http://vtk.1045678.n5.nabble.com/ParaView-vs-VolView-td5723772.html}",
  note = "[Online; accessed 16-May-2017]"
}

@misc{ wiki:paraview,
  author = "Wikipedia",
  title = "ParaView --- Wikipedia{,} The Free Encyclopedia",
  year = "2017",
  url = "\url{https://en.wikipedia.org/w/index.php?title=ParaView&oldid=768375183}",
  note = "[Online; accessed 17-May-2017]"
}

@misc{ website:paraview_official,
  title = {{ParaView website}},
  howpublished = "\url{http://www.paraview.org/}",
  note = "[Online; accessed 16-May-2017]"
}

@misc{ website:volview_official,
  title = {{VolView website}},
  howpublished = "\url{https://www.kitware.com/volview/}",
  note = "[Online; accessed 16-May-2017]"
}

@misc{ website:paraview_tuto,
  title = {{ParaView Tutorials}},
  howpublished = "\url{http://www.paraview.org/tutorials/}",
  note = "[Online; accessed 16-May-2017]"
}

@misc{ website:volview_tuto,
  title = {{VolView Tutorials}},
  howpublished = "\url{https://www.kitware.com/what-we-offer/#training}",
  note = "[Online; accessed 16-May-2017]"
}

@misc{ website:paraview_dat_problem,
  title = {{ParaView problem working with dat files}},
  howpublished = "\url{http://www.paraview.org/pipermail/paraview/2017-March/039664.html}",
  note = "[Online; accessed 16-May-2017]"
}
